<record><leader>00000cas a2200000 a 4500</leader><controlfield tag="001">8801446</controlfield><controlfield tag="008">820923d19071954kyudn ne      0   a0eng  </controlfield><controlfield tag="009">466</controlfield><datafield ind1=" " ind2=" " tag="010"><subfield code="a">sn 82014649 </subfield></datafield><datafield ind1=" " ind2=" " tag="040"><subfield code="a">DLC</subfield><subfield code="b">eng</subfield><subfield code="c">DLC</subfield><subfield code="d">KNP</subfield><subfield code="d">DLC</subfield><subfield code="d">KNP</subfield><subfield code="d">OCL</subfield><subfield code="d">OCLCQ</subfield><subfield code="d">KYUBL</subfield><subfield code="d">OCLCO</subfield><subfield code="d">OCLCF</subfield></datafield><datafield ind1="1" ind2=" " tag="029"><subfield code="a">AU@</subfield><subfield code="b">000025820456</subfield></datafield><datafield ind1=" " ind2=" " tag="042"><subfield code="a">msc</subfield></datafield><datafield ind1="0" ind2="0" tag="050"><subfield code="a">Newspaper 7936</subfield></datafield><datafield ind1="0" ind2="0" tag="245"><subfield code="a">Owensboro inquirer.</subfield></datafield><datafield ind1="3" ind2="0" tag="246"><subfield code="a">Owensboro messenger-inquirer</subfield></datafield><datafield ind1=" " ind2=" " tag="260"><subfield code="a">Owensboro, Ky. :</subfield><subfield code="b">W.Q. Adams,</subfield><subfield code="c">1907-1954.</subfield></datafield><datafield ind1=" " ind2=" " tag="300"><subfield code="a">45 v. :</subfield><subfield code="b">ill. ;</subfield><subfield code="c">58 cm.</subfield></datafield><datafield ind1=" " ind2=" " tag="310"><subfield code="a">Daily (except Sat.)</subfield></datafield><datafield ind1="0" ind2=" " tag="362"><subfield code="a">Vol. 24, no. 195 (July 10, 1907)-v. 68, no. 24 (Dec. 3, 1954).</subfield></datafield><datafield ind1=" " ind2=" " tag="500"><subfield code="a">On Sunday, published as: Owensboro messenger-inquirer.</subfield></datafield><datafield ind1=" " ind2=" " tag="500"><subfield code="a">Issue for May 29, 1924 called also "Club and development edition."</subfield></datafield><datafield ind1=" " ind2=" " tag="500"><subfield code="a">"Democratic."</subfield></datafield><datafield ind1=" " ind2="0" tag="651"><subfield code="a">Daviess County (Ky.)</subfield><subfield code="v">Newspapers.</subfield></datafield><datafield ind1=" " ind2="0" tag="651"><subfield code="a">Owensboro (Ky.)</subfield><subfield code="v">Newspapers.</subfield></datafield><datafield ind1=" " ind2="7" tag="655"><subfield code="a">Newspapers.</subfield><subfield code="2">fast</subfield><subfield code="0">(OCoLC)fst01423814</subfield></datafield><datafield ind1=" " ind2="7" tag="651"><subfield code="a">Kentucky</subfield><subfield code="z">Daviess County.</subfield><subfield code="2">fast</subfield><subfield code="0">(OCoLC)fst01234477</subfield></datafield><datafield ind1=" " ind2="7" tag="651"><subfield code="a">Kentucky</subfield><subfield code="z">Owensboro.</subfield><subfield code="2">fast</subfield><subfield code="0">(OCoLC)fst01218443</subfield></datafield><datafield ind1=" " ind2=" " tag="752"><subfield code="a">United States</subfield><subfield code="b">Kentucky</subfield><subfield code="c">Daviess</subfield><subfield code="d">Owensboro.</subfield></datafield><datafield ind1="0" ind2="0" tag="780"><subfield code="t">Owensboro daily inquirer</subfield><subfield code="w">(DLC)sn 86069351</subfield></datafield><datafield ind1="0" ind2="7" tag="785"><subfield code="t">Owensboro messenger (1919)</subfield><subfield code="w">(DLC)sn 86069345</subfield></datafield><datafield ind1="0" ind2="7" tag="785"><subfield code="t">Messenger inquirer</subfield><subfield code="w">(DLC)sn 86069352</subfield></datafield></record>